<record><leader>00000cas a2200000 a 4500</leader><controlfield tag="001">43358169</controlfield><controlfield tag="008">000127d18391850nyuwr ne      0    0eng c</controlfield><datafield ind1=" " ind2=" " tag="010"><subfield code="a">sn 00063001 </subfield></datafield><datafield ind1=" " ind2=" " tag="040"><subfield code="a">NYS</subfield><subfield code="b">eng</subfield><subfield code="c">NYS</subfield><subfield code="d">OCLCQ</subfield><subfield code="d">HUL</subfield><subfield code="d">DLC</subfield><subfield code="d">OCLCQ</subfield><subfield code="d">OCLCF</subfield><subfield code="d">OCLCO</subfield></datafield><datafield ind1="1" ind2=" " tag="029"><subfield code="a">AU@</subfield><subfield code="b">000021316125</subfield></datafield><datafield ind1=" " ind2=" " tag="042"><subfield code="a">pcc</subfield></datafield><datafield ind1=" " ind2=" " tag="043"><subfield code="a">n-us-ny</subfield></datafield><datafield ind1="0" ind2="0" tag="245"><subfield code="a">New-York Christian messenger.</subfield></datafield><datafield ind1="1" ind2="3" tag="246"><subfield code="a">Christian messenger</subfield><subfield code="f">&lt;1849&gt;-1850</subfield></datafield><datafield ind1=" " ind2=" " tag="260"><subfield code="a">New-York [N.Y. :</subfield><subfield code="b">s.n.],</subfield><subfield code="c">1839-[1850]</subfield></datafield><datafield ind1=" " ind2=" " tag="300"><subfield code="a">v. ;</subfield><subfield code="c">55-66 cm.</subfield></datafield><datafield ind1=" " ind2=" " tag="310"><subfield code="a">Weekly</subfield></datafield><datafield ind1="0" ind2=" " tag="362"><subfield code="a">New ser., vol. 1, no. 1 (Nov. 16, 1839)-v. 20, no. 8 (Dec. 28, 1850).</subfield></datafield><datafield ind1=" " ind2=" " tag="500"><subfield code="a">"A weekly journal of religion, literature and intelligence," 1840-&lt;1847&gt;.</subfield></datafield><datafield ind1=" " ind2=" " tag="500"><subfield code="a">"A family newspaper devoted to religion, literature, agriculture, and general intelligence,"--1849.</subfield></datafield><datafield ind1=" " ind2=" " tag="500"><subfield code="a">"A newspaper, devoted to religion, literature, and general intelligence," 1849-1850.</subfield></datafield><datafield ind1=" " ind2=" " tag="500"><subfield code="a">Publishers: Hallock &amp; Lyon, &lt;1849&gt;-1850.</subfield></datafield><datafield ind1=" " ind2=" " tag="580"><subfield code="a">Merged with: Evangelical magazine and gospel advocate; Christian ambassador (New York, N.Y. : 1847); Christian sentinel (1848); Christian guardian (Rochester, N.Y.), to form: Christian ambassador (New York, N.Y. : 1851).</subfield></datafield><datafield ind1=" " ind2="0" tag="650"><subfield code="a">Universalism</subfield><subfield code="v">Newspapers.</subfield></datafield><datafield ind1=" " ind2="0" tag="650"><subfield code="a">Universalists</subfield><subfield code="z">New York (State)</subfield><subfield code="v">Newspapers.</subfield></datafield><datafield ind1=" " ind2="0" tag="651"><subfield code="a">New York (N.Y.)</subfield><subfield code="v">Newspapers.</subfield></datafield><datafield ind1=" " ind2="0" tag="651"><subfield code="a">New York County (N.Y.)</subfield><subfield code="v">Newspapers.</subfield></datafield><datafield ind1=" " ind2="7" tag="655"><subfield code="a">Newspapers.</subfield><subfield code="2">fast</subfield><subfield code="0">(OCoLC)fst01423814</subfield></datafield><datafield ind1=" " ind2="7" tag="650"><subfield code="a">Universalism.</subfield><subfield code="2">fast</subfield><subfield code="0">(OCoLC)fst01161574</subfield></datafield><datafield ind1=" " ind2="7" tag="650"><subfield code="a">Universalists.</subfield><subfield code="2">fast</subfield><subfield code="0">(OCoLC)fst01161587</subfield></datafield><datafield ind1=" " ind2="7" tag="651"><subfield code="a">New York (State)</subfield><subfield code="2">fast</subfield><subfield code="0">(OCoLC)fst01210280</subfield></datafield><datafield ind1=" " ind2="7" tag="651"><subfield code="a">New York (State)</subfield><subfield code="z">New York.</subfield><subfield code="2">fast</subfield><subfield code="0">(OCoLC)fst01204333</subfield></datafield><datafield ind1=" " ind2="7" tag="651"><subfield code="a">New York (State)</subfield><subfield code="z">New York County.</subfield><subfield code="2">fast</subfield><subfield code="0">(OCoLC)fst01234953</subfield></datafield><datafield ind1=" " ind2=" " tag="752"><subfield code="a">United States</subfield><subfield code="b">New York</subfield><subfield code="c">New York</subfield><subfield code="d">New York.</subfield></datafield><datafield ind1="0" ind2=" " tag="775"><subfield code="t">Universalist union (New York, N.Y. : Octavo)</subfield><subfield code="w">(OCoLC)7675539</subfield></datafield><datafield ind1="0" ind2="0" tag="780"><subfield code="t">Universalist union (New York, N.Y. : Quarto)</subfield></datafield><datafield ind1="1" ind2="7" tag="785"><subfield code="t">Evangelical magazine and gospel advocate</subfield><subfield code="x">2160-2751</subfield><subfield code="w">(DLC)  2011204388</subfield><subfield code="w">(OCoLC)7683015</subfield></datafield><datafield ind1="1" ind2="7" tag="785"><subfield code="t">Christian ambassador (New York, N.Y. : 1847)</subfield><subfield code="w">(OCoLC)7683110</subfield></datafield><datafield ind1="1" ind2="7" tag="785"><subfield code="t">Christian sentinel (1848)</subfield></datafield><datafield ind1="1" ind2="7" tag="785"><subfield code="t">Christian guardian (Rochester, N.Y.)</subfield><subfield code="w">(OCoLC)5718058</subfield></datafield><datafield ind1="1" ind2="7" tag="785"><subfield code="t">Christian ambassador (New York, N.Y. : 1851)</subfield><subfield code="w">(DLC)sn 97067101</subfield><subfield code="w">(OCoLC)7690164</subfield></datafield></record>